<record><leader>00000cas a22000007a 4500</leader><controlfield tag="001">22919360</controlfield><controlfield tag="008">910103d19uu1913ohudn ne      0    0eng d</controlfield><datafield ind1=" " ind2=" " tag="010"><subfield code="a">sn 90068786 </subfield></datafield><datafield ind1=" " ind2=" " tag="040"><subfield code="a">ONP</subfield><subfield code="b">eng</subfield><subfield code="c">ONP</subfield><subfield code="d">OCLCQ</subfield></datafield><datafield ind1=" " ind2=" " tag="042"><subfield code="a">msc</subfield></datafield><datafield ind1="0" ind2=" " tag="130"><subfield code="a">Fremont messenger (Fremont, Ohio : 1912)</subfield></datafield><datafield ind1="1" ind2="0" tag="245"><subfield code="a">Fremont messenger.</subfield></datafield><datafield ind1=" " ind2=" " tag="260"><subfield code="a">Fremont, Ohio :</subfield><subfield code="b">Messenger Pub. Co.,</subfield><subfield code="c">-1913.</subfield></datafield><datafield ind1=" " ind2=" " tag="300"><subfield code="a">v.</subfield></datafield><datafield ind1=" " ind2=" " tag="310"><subfield code="a">Daily (except Sun.)</subfield></datafield><datafield ind1="0" ind2=" " tag="362"><subfield code="a">-v. 17, no. 195 (Aug. 22, 1913).</subfield></datafield><datafield ind1=" " ind2=" " tag="588"><subfield code="a">Description based on: Vol. 16, no. 168 (July 9, 1912).</subfield></datafield><datafield ind1=" " ind2=" " tag="752"><subfield code="a">United States</subfield><subfield code="b">Ohio</subfield><subfield code="c">Sandusky</subfield><subfield code="d">Fremont.</subfield></datafield><datafield ind1="0" ind2="0" tag="785"><subfield code="t">Fremont daily messenger (Fremont, Ohio : 1913)</subfield><subfield code="w">(DLC)sn 87076768</subfield></datafield></record>